<record><leader>00000cas a22000007a 4500</leader><controlfield tag="001">31383341</controlfield><controlfield tag="008">941031d1946194ucauwr ne      0    0eng d</controlfield><datafield ind1=" " ind2=" " tag="010"><subfield code="a">sn 94051742 </subfield></datafield><datafield ind1=" " ind2=" " tag="040"><subfield code="a">CNK</subfield><subfield code="b">eng</subfield><subfield code="c">CNK</subfield><subfield code="d">OCLCQ</subfield><subfield code="d">OCLCF</subfield><subfield code="d">OCLCO</subfield></datafield><datafield ind1="1" ind2=" " tag="029"><subfield code="a">AU@</subfield><subfield code="b">000024758050</subfield></datafield><datafield ind1=" " ind2=" " tag="042"><subfield code="a">msc</subfield></datafield><datafield ind1=" " ind2=" " tag="043"><subfield code="a">n-us-ca</subfield></datafield><datafield ind1="0" ind2=" " tag="130"><subfield code="a">Limelight (Big Bear Lake, Calif.)</subfield></datafield><datafield ind1="1" ind2="0" tag="245"><subfield code="a">Limelight.</subfield></datafield><datafield ind1="3" ind2="0" tag="246"><subfield code="a">Big Bear Lake limelight</subfield></datafield><datafield ind1=" " ind2=" " tag="260"><subfield code="a">Big Bear Lake, Calif. :</subfield><subfield code="b">Kenneth L. Broyles</subfield></datafield><datafield ind1=" " ind2=" " tag="300"><subfield code="a">v.</subfield></datafield><datafield ind1=" " ind2=" " tag="310"><subfield code="a">Weekly</subfield></datafield><datafield ind1="0" ind2=" " tag="362"><subfield code="a">Vol. 1, no. 1 (June 26, 1946)-</subfield></datafield><datafield ind1=" " ind2=" " tag="500"><subfield code="a">"Big Bear Lake" appears in small type above masthead.</subfield></datafield><datafield ind1=" " ind2="0" tag="651"><subfield code="a">Big Bear Lake (Calif.)</subfield><subfield code="v">Newspapers.</subfield></datafield><datafield ind1=" " ind2="7" tag="655"><subfield code="a">Newspapers.</subfield><subfield code="2">fast</subfield><subfield code="0">(OCoLC)fst01423814</subfield></datafield><datafield ind1=" " ind2="7" tag="651"><subfield code="a">California</subfield><subfield code="z">Big Bear Lake.</subfield><subfield code="2">fast</subfield><subfield code="0">(OCoLC)fst01236028</subfield></datafield><datafield ind1=" " ind2=" " tag="752"><subfield code="a">United States</subfield><subfield code="b">California</subfield><subfield code="c">San Bernardino</subfield><subfield code="d">Big Bear Lake.</subfield></datafield><datafield ind1="0" ind2="0" tag="785"><subfield code="t">Limelight news</subfield><subfield code="w">(DLC)sn 93053381</subfield></datafield></record>